<mx:record xmlns="http://www.w3.org/TR/xhtml1/strict" xmlns:mx="http://www.loc.gov/MARC21/slim" xmlns:xsi="http://www.w3.org/2001/XMLSchema-instance"><mx:leader>00000nz   2200000n  0000</mx:leader><mx:controlfield tag="001">oca03859112 </mx:controlfield><mx:controlfield tag="005">19950617052738.0</mx:controlfield><mx:controlfield tag="008">950615n| acannaab|          |a aaa     c</mx:controlfield><mx:datafield ind1=" " ind2=" " tag="010"><mx:subfield code="a">nr 95022298</mx:subfield></mx:datafield><mx:datafield ind1=" " ind2=" " tag="040"><mx:subfield code="a">NNC</mx:subfield><mx:subfield code="c">NNC</mx:subfield></mx:datafield><mx:datafield ind1="0" ind2=" " tag="100"><mx:subfield code="a">Ticidas</mx:subfield></mx:datafield><mx:datafield ind1="0" ind2=" " tag="400"><mx:subfield code="a">Ticida</mx:subfield></mx:datafield><mx:datafield ind1="1" ind2=" " tag="400"><mx:subfield code="a">Ticida, L.</mx:subfield></mx:datafield><mx:datafield ind1=" " ind2=" " tag="670"><mx:subfield code="a">His Carmina [CF] 1991:</mx:subfield><mx:subfield code="b">PHI CD ROM #5.3, Latin Canon, bibliographic screen (Ticidas)</mx:subfield></mx:datafield><mx:datafield ind1=" " ind2=" " tag="670"><mx:subfield code="a">Oxford class. dict., 1st ed.:</mx:subfield><mx:subfield code="b">p. 908 (Ticidas; one of the neoterici; wrote erotic poems to &amp;#034;Perilla&amp;#034;)</mx:subfield></mx:datafield><mx:datafield ind1=" " ind2=" " tag="670"><mx:subfield code="a">A Dictionary of Greek and Roman biography and mythology, 1967:</mx:subfield><mx:subfield code="b">v. 3, p. 1126 (Ticida, a Roman poet; L. Ticida, one of Caesar&amp;#039;s officers, takenprisoner with Q. Cominius in 46 B.C.)</mx:subfield></mx:datafield><mx:datafield ind1=" " ind2=" " tag="670"><mx:subfield code="a">Pauly-Wissowa:</mx:subfield><mx:subfield code="b">2. Reihe, 11. Halbbd., c. 844-846 (L. Ticida; Ovid, Suetonius and Apuleius cite &amp;#034;Ticida&amp;#034; as a poet; several authorities believethis Ticida to be identical with L. Ticida, an officer in Caesar&amp;#039;s army)</mx:subfield></mx:datafield></mx:record>